<record><leader>00000cas a2200000 a 4500</leader><controlfield tag="001">25168324</controlfield><controlfield tag="007">hd afb---buca</controlfield><controlfield tag="008">920127d18701887iaudn nea     0    0eng d</controlfield><datafield ind1=" " ind2=" " tag="010"><subfield code="a">sn 96080141 </subfield></datafield><datafield ind1=" " ind2=" " tag="040"><subfield code="a">SDB</subfield><subfield code="b">eng</subfield><subfield code="c">SDB</subfield><subfield code="d">NVG</subfield><subfield code="d">OCL</subfield><subfield code="d">OCLCQ</subfield><subfield code="d">OCLCF</subfield><subfield code="d">OCLCO</subfield><subfield code="d">OCLCQ</subfield></datafield><datafield ind1=" " ind2=" " tag="042"><subfield code="a">msc</subfield></datafield><datafield ind1=" " ind2=" " tag="043"><subfield code="a">n-us-ia</subfield></datafield><datafield ind1="0" ind2="4" tag="082"><subfield code="a">071</subfield><subfield code="b">Si73</subfield></datafield><datafield ind1="0" ind2="4" tag="245"><subfield code="a">The Sioux City daily journal.</subfield></datafield><datafield ind1="3" ind2="0" tag="246"><subfield code="a">Sioux City journal</subfield></datafield><datafield ind1="3" ind2="0" tag="246"><subfield code="a">Daily journal</subfield></datafield><datafield ind1=" " ind2=" " tag="260"><subfield code="a">Sioux City, Iowa :</subfield><subfield code="b">Perkins Bros.</subfield></datafield><datafield ind1=" " ind2=" " tag="300"><subfield code="a">volumes ;</subfield><subfield code="c">58 cm</subfield></datafield><datafield ind1=" " ind2=" " tag="310"><subfield code="a">Daily (except Monday)</subfield></datafield><datafield ind1=" " ind2=" " tag="336"><subfield code="a">text</subfield><subfield code="b">txt</subfield><subfield code="2">rdacontent</subfield></datafield><datafield ind1=" " ind2=" " tag="337"><subfield code="a">microform</subfield><subfield code="b">h</subfield><subfield code="2">rdamedia</subfield></datafield><datafield ind1=" " ind2=" " tag="338"><subfield code="a">microfilm reel</subfield><subfield code="b">hd</subfield><subfield code="2">rdacarrier</subfield></datafield><datafield ind1="1" ind2=" " tag="362"><subfield code="a">Began with Apr. 19, 1870 issue; ceased with Aug. 31, 1887 issue?</subfield></datafield><datafield ind1=" " ind2=" " tag="515"><subfield code="a">Numbering ceased with Aug. 1, 1875 issue.</subfield></datafield><datafield ind1=" " ind2=" " tag="580"><subfield code="a">Weekly ed.: Sioux City weekly journal.</subfield></datafield><datafield ind1=" " ind2=" " tag="588"><subfield code="a">Description based on: Vol. 1, no. 2 (Apr. 20, 1870).</subfield></datafield><datafield ind1=" " ind2=" " tag="533"><subfield code="a">Microfilm.</subfield><subfield code="b">Vermillion, S.D. :</subfield><subfield code="c">Dakota Microfilm Service,</subfield><subfield code="d">1948.</subfield><subfield code="e">35 microfilm reels ; 35 mm.</subfield></datafield><datafield ind1=" " ind2="0" tag="651"><subfield code="a">Sioux City (Iowa)</subfield><subfield code="v">Newspapers.</subfield></datafield><datafield ind1=" " ind2="7" tag="651"><subfield code="a">Iowa</subfield><subfield code="z">Sioux City.</subfield><subfield code="2">fast</subfield><subfield code="0">(OCoLC)fst01204171</subfield></datafield><datafield ind1=" " ind2="7" tag="655"><subfield code="a">Newspapers.</subfield><subfield code="2">fast</subfield><subfield code="0">(OCoLC)fst01423814</subfield></datafield><datafield ind1="1" ind2=" " tag="775"><subfield code="t">Sioux City weekly journal</subfield><subfield code="w">(DLC)sn 96080140</subfield><subfield code="w">(OCoLC)15601831</subfield></datafield><datafield ind1="0" ind2="0" tag="785"><subfield code="a">Sioux City journal (Sioux City, Iowa : 1887)</subfield></datafield><datafield ind1="1" ind2=" " tag="029"><subfield code="a">AU@</subfield><subfield code="b">000012446567</subfield></datafield></record>